<?xml version="1.0" encoding="UTF-8"?><collection xmlns="http://www.loc.gov/MARC21/slim"><record><leader>00439nam--2200145-i-4500</leader><controlfield tag="001">000010197</controlfield><controlfield tag="002">20161230</controlfield><controlfield tag="005">20170304174307</controlfield><controlfield tag="008">060222s1000------------r-----000-0-eng-d</controlfield><datafield ind1=" " ind2=" " tag="100"><subfield code="a">Cristian, Geta</subfield></datafield><datafield ind1=" " ind2=" " tag="245"><subfield code="a">Decizia in sistemul complex om-automat. Cercetari consacrate profesiunii de dispecer energetic</subfield></datafield><datafield ind1=" " ind2=" " tag="260"><subfield code="a">Bucuresti</subfield><subfield code="b">Ed.Academiei Rsr</subfield><subfield code="c">1972</subfield></datafield><datafield ind1=" " ind2=" " tag="300"><subfield code="a">273 p</subfield></datafield><datafield ind1=" " ind2=" " tag="852"><subfield code="a">001.89:65.012-7:62-52</subfield></datafield><datafield ind1=" " ind2=" " tag="CAT"><subfield code="a">SYS</subfield><subfield code="c">20170304</subfield><subfield code="h">174307</subfield></datafield></record></collection>